<collection xmlns="http://www.loc.gov/MARC21/slim">
<record>
  <leader>02298nam0a2200325 i 450 </leader>
  <controlfield tag="001">IT\ICCU\CNCE\022486</controlfield>
  <controlfield tag="005">20101230000000.0</controlfield>
  <datafield tag="012" ind1=" " ind2=" ">
    <subfield code="a">nea- 5.a. doi- chco (3) 1589 (R)</subfield>
    <subfield code="2">fei</subfield>
  </datafield>
  <datafield tag="100" ind1=" " ind2=" ">
    <subfield code="a">19970101d1589        0itac0103    ba</subfield>
  </datafield>
  <datafield tag="101" ind1=" " ind2=" ">
    <subfield code="a">ITA</subfield>
  </datafield>
  <datafield tag="102" ind1=" " ind2=" ">
    <subfield code="a">IT</subfield>
  </datafield>
  <datafield tag="200" ind1="1" ind2=" ">
    <subfield code="a">℗Le ℗vite de&apos; santi padri, insieme col Prato spirituale, nuouamente da m. Giouan Mario Verdizzotti del tutto riformate, corrette, et emendate, cosi intorno la lingua  come intorno alle cose, et espurgate da infiniti errori, di che eran piene; accioche da questi gioueuole, et pia lettione i christiani gelosi della salute dell&apos;anime loro, possano apprendere molti salutiferi essempi, di astinentia, di patientia, et di tutto quel che gioua a guadagnarsi il paradiso. Con le figure, le quali rappresentano come in uiuo ritratto tutta la historia. Et con la tauola de&apos; capitoli di tutta l&apos;opera</subfield>
  </datafield>
  <datafield tag="210" ind1=" " ind2=" ">
    <subfield code="a">In Venetia</subfield>
    <subfield code="c">nella stamperia de i Guerra</subfield>
    <subfield code="d">1589</subfield>
  </datafield>
  <datafield tag="215" ind1=" " ind2=" ">
    <subfield code="a">\24!, 440 p.</subfield>
    <subfield code="c">ill.</subfield>
    <subfield code="d">4ʻ</subfield>
  </datafield>
  <datafield tag="500" ind1="1" ind2="1">
    <subfield code="3">IT\ICCU\CNCE\068259</subfield>
    <subfield code="a">Vitae patrum</subfield>
  </datafield>
  <datafield tag="620" ind1=" " ind2=" ">
    <subfield code="a">IT</subfield>
    <subfield code="d">Venezia</subfield>
  </datafield>
  <datafield tag="702" ind1=" " ind2="1">
    <subfield code="a">Verdizzotti,</subfield>
    <subfield code="b">Giovanni Mario</subfield>
    <subfield code="3">IT\ICCU\CNCA\006395</subfield>
  </datafield>
  <datafield tag="712" ind1="0" ind2="0">
    <subfield code="a">Guerra, Domenico &amp; Guerra, Giovanni Battista</subfield>
    <subfield code="3">IT\ICCU\CNCT\000155</subfield>
    <subfield code="4">650</subfield>
  </datafield>
  <datafield tag="790" ind1=" " ind2="1">
    <subfield code="a">Verdezzotti,</subfield>
    <subfield code="b">Giovanni Mario</subfield>
    <subfield code="3">IT\ICCU\CNCA\023888</subfield>
    <subfield code="z">Verdizzotti, Giovanni Mario</subfield>
  </datafield>
  <datafield tag="790" ind1=" " ind2="1">
    <subfield code="a">Verdizotus,</subfield>
    <subfield code="b">Ioannes Marius</subfield>
    <subfield code="3">IT\ICCU\CNCA\023889</subfield>
    <subfield code="z">Verdizzotti, Giovanni Mario</subfield>
  </datafield>
  <datafield tag="790" ind1=" " ind2="1">
    <subfield code="a">Verdizotti,</subfield>
    <subfield code="b">Giovanni Mario</subfield>
    <subfield code="3">IT\ICCU\CNCA\023890</subfield>
    <subfield code="z">Verdizzotti, Giovanni Mario</subfield>
  </datafield>
  <datafield tag="790" ind1=" " ind2="1">
    <subfield code="a">Verdizzoti,</subfield>
    <subfield code="b">Giovanni Maria</subfield>
    <subfield code="3">IT\ICCU\CNCA\023891</subfield>
    <subfield code="z">Verdizzotti, Giovanni Mario</subfield>
  </datafield>
  <datafield tag="791" ind1="0" ind2="2">
    <subfield code="a">Guerraei fratres</subfield>
    <subfield code="3">IT\ICCU\CNCT\005074</subfield>
    <subfield code="z">Guerra, Domenico &amp; Guerra, Giovanni Battista</subfield>
  </datafield>
  <datafield tag="791" ind1="0" ind2="2">
    <subfield code="a">Guerri</subfield>
    <subfield code="3">IT\ICCU\CNCT\005076</subfield>
    <subfield code="z">Guerra, Domenico &amp; Guerra, Giovanni Battista</subfield>
  </datafield>
  <datafield tag="801" ind1=" " ind2="3">
    <subfield code="a">IT</subfield>
    <subfield code="b">ICCU</subfield>
    <subfield code="c">20201114</subfield>
  </datafield>
  <datafield tag="899" ind1=" " ind2=" ">
    <subfield code="a">Biblioteca del Convento S. Bartolomeo. Bergamo</subfield>
    <subfield code="1">BG0041</subfield>
    <subfield code="2">ZBG 13</subfield>
  </datafield>
  <datafield tag="899" ind1=" " ind2=" ">
    <subfield code="a">Biblioteca comunale Giosu ̈Carducci. Spoleto</subfield>
    <subfield code="1">PG0168</subfield>
    <subfield code="2">UM1 08</subfield>
  </datafield>
  <datafield tag="899" ind1=" " ind2=" ">
    <subfield code="a">Biblioteca dell&apos;ex Seminario vescovile. Amelia</subfield>
    <subfield code="1">TR0037</subfield>
    <subfield code="2">ZTR 06</subfield>
  </datafield>
  <datafield tag="911" ind1=" " ind2=" ">
    <subfield code="a">Sul front.</subfield>
    <subfield code="9">IT\ICCU\CNCM\001021</subfield>
  </datafield>
  <datafield tag="921" ind1=" " ind2=" ">
    <subfield code="a">IT\ICCU\CNCM\001021</subfield>
    <subfield code="b">Aquila vola verso il sole e perde le penne. Nella cornice del frontespizio.</subfield>
    <subfield code="e">Renovata iuventus</subfield>
    <subfield code="c">U99</subfield>
    <subfield code="d">Dimensioni dell&apos;ovale: 4 x 5; della cornice del front.: 12,5 x 17,5</subfield>
    <subfield code="f">AQUILA</subfield>
    <subfield code="f">RENOVATAIU</subfield>
    <subfield code="g">1574-1598</subfield>
  </datafield>
</record>
</collection>
